%% This BibTeX bibliography file was created using BibDesk.
%% http://bibdesk.sourceforge.net/

%% Saved with string encoding Unicode (UTF-8)

@string{cpl = {Chem. Phys. Lett.}}
@string{epjb = {Eur. Phys. J. B}}
@string{epjd = {Eur. Phys. J. D}}
@string{epl = {Europhys. Lett.}}
@string{iprc = {Int. Rev.Phys. Chem.}}
@string{jcp = {J. Chem. Phys.}}
@string{josab = {J. Opt. Soc. Am. B}}
@string{jpa = {J. Phys. A}}
@string{jpb = {J. Phys. B}}
@string{jpca = {J. Phys. Chem. A}}
@string{njp = {New J. Phys.}}
@string{ol = {Opt. Lett.}}
@string{pccp = {Phys. Chem. Chem. Phys.}}
@string{pra = {Phys. Rev. A}}
@string{prb = {Phys. Rev. B}}
@string{pre = {Phys. Rev. E}}
@string{prl = {Phys. Rev. Lett.}}
@string{rmp = {Rev. Mod. Phys.}}
@string{rpp = {Rep. Prog. Phys.}}
@string{rsi = {Rev. Sci. Instrum.}}


@article{Tal-EzerJCP84,
	Author = {Tal-Ezer, H. and Kosloff, R.},
	Journal = jcp,
	Number = {9},
	Pages = {3967},
	Title = {An Accurate and Efficient Scheme for Propagating the Time Dependent Schr{\"o}dinger Equation},
	Volume = {81},
	Year = {1984}}

@article{KosloffJCP88,
	Author = {Kosloff, Ronnie},
	Journal = jcp,
	Number = {8},
	Pages = {2087},
	Title = {Time-Dependent Quantum-Mechanical Methods for Molecular Dynamics},
	Volume = {92},
	Year = {1988}}

@article{GaubatzCPL1988,
	Author = {U. Gaubatz and P. Rudecki and M. Becker and S. Schiemann and M. K{\"u}lz and K. Bergmann},
	Journal = {Chem. Phys. Lett.},
	Pages = {463},
	Title = {Population switching between vibrational levels in molecular beams},
	Volume = {149},
	Year = {1988}}

@article{BartanaJCP93,
	Author = {Bartana, Allon and Kosloff, Ronnie and Tannor, David J.},
	Journal = jcp,
	Pages = {196},
	Title = {Laser cooling of molecular internal degrees of freedom by a series of shaped pulses},
	Volume = {99},
	Year = {1993}}

@book{WallsMilburn,
	Address = {Berlin},
	Author = {Walls, D.F. and Milburn, G.J.},
	Publisher = {Springer-Verlag},
	Title = {Quantum Optics},
	Year = {1994}}

@article{KosloffARPC94,
	Author = {Kosloff, R},
	Journal = arpc,
	Number = {1},
	Pages = {145},
	Title = {Propagation Methods for Quantum Molecular Dynamics},
	Volume = {45},
	Year = {1994}}

@article{AshkenaziJCP95,
	Author = {Ashkenazi, Guy and Kosloff, Ronnie and Ruhman, Sanford and Tal-Ezer, Hillel},
	Journal = jcp,
	Pages = {10005},
	Title = {Newtonian propagation methods applied to the photodissociation dynamics of I[sub 3][sup - ]},
	Volume = {103},
	Year = {1995}}

@article{PoyatosPRL1996,
	Author = {Poyatos, J. F. and Cirac, J. I. and Zoller, P.},
	Journal = prl,
	Pages = {4728},
	Title = {Quantum Reservoir Engineering with Laser Cooled Trapped Ions},
	Volume = {77},
	Year = {1996}}

@incollection{Kosloff96,
	Author = {Kosloff, Ronnie},
	Booktitle = {Dynamics of Molecules and Chemical Reactions},
	Editor = {Wyatt, R. E. and Zhang, J. Z.},
	Publisher = {Marcel Dekker, New York},
	Title = {Quantum Molecular Dynamics on Grids},
	Year = {1996}}

@article{BaerJCP1997,
	Author = {Roi Baer and Ronnie Kosloff},
	Journal = jcp,
	Pages = {8862},
	Title = {Quantum dissipative dynamics of adsorbates near metal surfaces: A surrogate Hamiltonian theory applied to hydrogen on nickel},
	Volume = {106},
	Year = {1997}}

@article{LidarPRL1998,
	Author = {Lidar, D. A. and Chuang, I. L. and Whaley, K. B.},
	Journal = prl,
	Pages = {2594},
	Title = {Decoherence-Free Subspaces for Quantum Computation},
	Volume = {81},
	Year = {1998}}

@article{ViolaPRL1999,
	Author = {Viola, Lorenza and Knill, Emanuel and Lloyd, Seth},
	Journal = prl,
	Pages = {2417},
	Title = {Dynamical Decoupling of Open Quantum Systems},
	Volume = {82},
	Year = {1999}}

@article{SorensenPRL99,
	Author = {S\o{}rensen, Anders and M\o{}lmer, Klaus},
	Journal = prl,
	Pages = {1971},
	Title = {Quantum Computation with Ions in Thermal Motion},
	Volume = {82},
	Year = {1999}}

@article{ZanardiPLA1999,
	Author = {Paolo Zanardi and Mario Rasetti},
	Journal = pra,
	Pages = {94},
	Title = {Holonomic quantum computation},
	Volume = {264},
	Year = {1999}}

@article{YuPLA2000,
	Author = {Ting Yu and Lajos Diosi and Nicolas Gisin and Walter T. Strunz},
	Journal = {Phys. Let. A},
	Pages = {331},
	Title = {Post-Markov master equation for the dynamics of open quantum systems},
	Volume = {265},
	Year = {2000}}

@book{RiceZhao,
	Author = {Rice, S.A. and Zhao, M.},
	Publisher = {John Wiley \& Sons},
	Title = {Optical Control of Molecular Dynamics},
	Year = {2000}}

@article{RaussendorfPRL2001,
	Author = {Raussendorf, Robert and Briegel, Hans J.},
	Journal = prl,
	Pages = {5188},
	Title = {A One-Way Quantum Computer},
	Volume = {86},
	Year = {2001}}

@article{ViolaS2001,
	Author = {Viola, Lorenza and Fortunato, Evan M. and Pravia, Marco A. and Knill, Emanuel and Laflamme, Raymond and Cory, David G.},
	Journal = {Science},
	Pages = {2059},
	Title = {Experimental Realization of Noiseless Subsystems for Quantum Information Processing},
	Volume = {293},
	Year = {2001}}

@article{KochJCP02,
	Author = {Koch, C.~P. and Kl\"uner, T. and Kosloff, R.},
	Journal = JCP,
	Pages = {7983},
	Title = {{A complete quantum description of an ultrafast pump-probe charge transfer event in condensed phase}},
	Volume = {116},
	Year = {2002}}

@phdthesis{KochPhD,
	Author = {Koch, C.~P.},
	School = {Humboldt Universit\"at Berlin},
	Title = {{Quantum dissipative dynamics with a Surrogate Hamiltonian. The method and applications}},
	Type = {{Dissertation}},
	Year = {2002}}

@article{KochPRL03,
	Author = {Koch, C.~P. and Kl\"uner, T. and Freund, H.-J. and Kosloff, R.},
	Journal = PRL,
	Pages = {117601},
	Title = {{Femtosecond photodesorption of small molecules from surfaces: A theoretical investigation from first principles}},
	Volume = {90},
	Year = {2003}}

@article{ZhangPRA03,
	Author = {Zhang, Jun and Vala, Jiri and Sastry, Shankar and Whaley, K. Birgitta},
	Journal = pra,
	Pages = {042313},
	Title = {Geometric Theory of Nonlocal Two-Qubit Operations},
	Volume = {67},
	Year = {2003}}

@book{BrumerShapiro,
	Author = {Brumer, P and Shapiro, M.},
	Publisher = {Wiley Interscience},
	Title = {Principles and Applications of the Quantum Control of Molecular Processes},
	Year = {2003}}

@article{PalaoPRA03,
	Author = {Palao, Jos{\'e} P. and Kosloff, Ronnie},
	Journal = pra,
	Pages = {062308},
	Title = {Optimal control theory for unitary transformations},
	Volume = {68},
	Year = {2003}}

@article{MartinisPRL2005,
	Author = {Martinis, John M. and Cooper, K. B. and McDermott, R. and Steffen, Matthias and Ansmann, Markus and Osborn, K. D. and Cicak, K. and Oh, Seongshik and Pappas, D. P. and Simmonds, R. W. and Yu, Clare C.},
	Journal = {Phys. Rev. Lett.},
	Pages = {210503},
	Title = {Decoherence in Josephson Qubits from Dielectric Loss},
	Volume = {95},
	Year = {2005}}

@article{Walther2005,
	Author = {Walther, P. and Resch, K. J. and Rudolph, T. and Schenck, E. and Weinfurter, H. and Vedral, V. and Aspelmeyer, M. and Zeilinger, A.},
	Journal = {Nature},
	Pages = {169},
	Title = {Experimental one-way quantum computing},
	Volume = {434},
	Year = {2005}}

@article{WollenhauptARPC2005,
	Author = {Wollenhaupt, M. and Engel, V. and Baumert, T.},
	Journal = {Ann. Rev. Phys. Chem.},
	Pages = {25},
	Title = {FEMTOSECOND LASER PHOTOELECTRON SPECTROSCOPY ON ATOMS AND SMALL MOLECULES: Prototype Studies in Quantum Control},
	Volume = {56},
	Year = {2005}}

@article{KhanejaJMR05,
	Author = {Khaneja, N and Reiss, T and Kehlet, C and Schulte-Herbr{\"u}ggen, T and Glaser, S J},
	Journal = jmr,
	Pages = {296},
	Title = {{Optimal control of coupled spin dynamics: design of NMR pulse sequences by gradient ascent algorithms}},
	Volume = {172},
	Year = {2005}}

@article{KallushPRA06,
	Author = {Kallush, S. and Kosloff, R.},
	Journal = pra,
	Pages = {032324},
	Title = {Quantum governor: Automatic quantum control and reduction of the influence of noise without measuring},
	Volume = {73},
	Year = {2006}}

@article{JKochPRA07,
	Author = {Koch, Jens and Yu, Terri M. and Gambetta, Jay and Houck, A. A. and Schuster, D. I. and Majer, J. and Blais, Alexandre and Devoret, M. H. and Girvin, S. M. and Schoelkopf, R. J.},
	Journal = {Phys. Rev. A},
	Pages = {042319},
	Title = {Charge-insensitive qubit design derived from the Cooper pair box},
	Volume = {76},
	Year = {2007}}

@article{MajerN2007,
	Author = {Majer, J. and Chow, J. M. and Gambetta, J. M. and Koch, Jens and Johnson, B. R. and Schreier, J. A. and Frunzio, L. and Schuster, D. I. and Houck, A. A. and Wallraff, A. and Blais, A. and Devoret, M. H. and Girvin, S. M. and Schoelkopf, R. J.},
	Journal = {Nature},
	Pages = {443},
	Title = {Coupling superconducting qubits via a cavity bus},
	Volume = {449},
	Year = {2007}}

@article{BlaisPRA07,
	Author = {Blais, Alexandre and Gambetta, Jay and Wallraff, A. and Schuster, D. I. and Girvin, S. M. and Devoret, M. H. and Schoelkopf, R. J.},
	Journal = {Phys. Rev. A},
	Pages = {032329},
	Title = {Quantum-information processing with circuit quantum electrodynamics},
	Volume = {75},
	Year = {2007}}

@article{PiiloPRL2008,
	Author = {Piilo, Jyrki and Maniscalco, Sabrina and H\"ark\"onen, Kari and Suominen, Kalle-Antti},
	Journal = {Phys. Rev. Lett.},
	Pages = {180402},
	Title = {Non-Markovian Quantum Jumps},
	Volume = {100},
	Year = {2008}}

@article{BreuerPRL2008,
	Author = {Breuer, Heinz-Peter and Vacchini, Bassano},
	Journal = {Phys. Rev. Lett.},
	Pages = {140402},
	Title = {Quantum Semi-Markov Processes},
	Volume = {101},
	Year = {2008}}

@article{KochPRL2008,
	Author = {Koch, Werner and Gro\ss{}mann, Frank and Stockburger, J\"urgen T. and Ankerhold, Joachim},
	Journal = {Phys. Rev. Lett.},
	Pages = {230402},
	Title = {Non-Markovian Dissipative Semiclassical Dynamics},
	Volume = {100},
	Year = {2008}}

@article{BreuerPRL2009,
	Author = {Breuer, Heinz-Peter and Laine, Elsi-Mari and Piilo, Jyrki},
	Journal = {Phys. Rev. Lett.},
	Pages = {210401},
	Title = {Measure for the Degree of Non-Markovian Behavior of Quantum Processes in Open Systems},
	Volume = {103},
	Year = {2009}}

@article{VerstraeteNP2009,
	Author = {Verstraete, Frank and Wolf, Michael M. and Ignacio Cirac, J.},
	Journal = {Nature Physics},
	Pages = {633},
	Title = {Quantum computation and quantum-state engineering driven by dissipation},
	Volume = {5},
	Year = {2009}}

@article{RebentrostPRL2009,
	Author = {Rebentrost, P. and Serban, I. and Schulte-Herbr\"uggen, T. and Wilhelm, F. K.},
	Journal = {Phys. Rev. Lett.},
	Pages = {090401},
	Title = {Optimal Control of a Qubit Coupled to a Non-Markovian Environment},
	Volume = {102},
	Year = {2009}}

@article{CanevaPRL09,
	Author = {Caneva, T. and Murphy, M. and Calarco, T. and Fazio, R. and Montangero, S. and Giovannetti, V. and Santoro, G. E.},
	Journal = {Phys. Rev. Lett.},
	Pages = {240501},
	Title = {Optimal Control at the Quantum Speed Limit},
	Volume = {103},
	Year = {2009}}

@mastersthesis{GoerzDipl10,
	Author = {Goerz, Michael},
	School = {Freie Universit{\"a}t Berlin},
	Title = {Optimization of a Controlled Phasegate for Ultracold Calcium Atoms in an Optical Lattice},
	Type = {{Diplomarbeit}},
	Year = {2010}}

@article{LangeS2010,
	Author = {de Lange, G. and Wang, Z. H. and Rist{\`e}, D. and Dobrovitski, V. V. and Hanson, R.},
	Journal = {Science},
	Pages = {60},
	Title = {Universal Dynamical Decoupling of a Single Solid-State Spin from a Spin Bath},
	Volume = {330},
	Year = {2010}}

@article{GraceNJP10,
	Author = {Grace, Matthew D and Dominy, Jason and Kosut, Robert L and Brif, Constantin and Rabitz, Herschel},
	Journal = {New J. Phys.},
	Pages = {015001},
	Title = {Environment-invariant measure of distance between evolutions of an open quantum system},
	Volume = {12},
	Year = {2010}}

@article{ShaliboPRL2010,
	Author = {Shalibo, Yoni and Rofe, Ya'ara and Shwa, David and Zeides, Felix and Neeley, Matthew and Martinis, John M. and Katz, Nadav},
	Journal = {Phys. Rev. Lett.},
	Pages = {177001},
	Title = {Lifetime and Coherence of Two-Level Defects in a Josephson Junction},
	Volume = {105},
	Year = {2010}}

@article{GoerzJPB11,
	Author = {Goerz, Michael H and Calarco, Tommaso and Koch, Christiane P},
	Journal = {J. Phys. B},
	Pages = {154011},
	Title = {The quantum speed limit of optimal controlled phasegates for trapped neutral atoms},
	Volume = {44},
	Year = {2011}}

@article{SchmidtPRL2011,
	Author = {Schmidt, R. and Negretti, A. and Ankerhold, J. and Calarco, T. and Stockburger, J. T.},
	Journal = {Phys. Rev. Lett.},
	Pages = {130404},
	Title = {Optimal Control of Open Quantum Systems: Cooperative Effects of Driving and Dissipation},
	Volume = {107},
	Year = {2011}}

@article{EichlerNN2011,
	Author = {Eichler, A. and Moser, J. and Chaste, J. and Zdrojek, M. and Wilson-Rae, I. and Bachtold, A.},
	Journal = {Nature Nano},
	Pages = {339},
	Title = {Nonlinear damping in mechanical resonators made from carbon nanotubes and graphene},
	Volume = {6},
	Year = {2011}}

@article{BluhmNP2011,
	Author = {Bluhm, Hendrik and Foletti, Sandra and Neder, Izhar and Rudner, Mark and Mahalu, Diana and Umansky, Vladimir and Yacoby, Amir},
	Journal = {Nature Physics},
	Pages = {109},
	Title = {Dephasing time of GaAs electron-spin qubits coupled to a nuclear bath exceeding 200[thinsp][mu]s},
	Volume = {7},
	Year = {2011}}

@article{MullerQIP11,
	Author = {M{\"u}ller, Matthias and Haakh, Harald and Calarco, Tommaso and Koch, Christiane and Henkel, Carsten},
	Journal = {Quantum Information Processing},
	Pages = {771},
	Title = {Prospects for fast Rydberg gates on an atom chip},
	Volume = {10},
	Year = {2011}}

@article{MullerPRA11,
	Author = {M\"uller, M. M. and Reich, D. M. and Murphy, M. and Yuan, H. and Vala, J. and Whaley, K. B. and Calarco, T. and Koch, C. P.},
	Journal = {Phys. Rev. A},
	Pages = {042315},
	Title = {Optimizing entangling quantum gates for physical systems},
	Volume = {84},
	Year = {2011}}

@article{GualdiKoch,
	Author = {Giulia Gualdi and Christiane P. Koch},
	Journal = {arXiv:1111.4059},
	Title = {{Approximating open quantum system dynamics in a controlled and efficient way: A microscopic approach to decoherence}},
	Year = {2011}}

@article{KolkowitzPRL2012,
	Author = {Kolkowitz, Shimon and Unterreithmeier, Quirin P. and Bennett, Steven D. and Lukin, Mikhail D.},
	Journal = {Phys. Rev. Lett.},
	Pages = {137601},
	Title = {Sensing Distant Nuclear Spins with a Single Electron Spin},
	Volume = {109},
	Year = {2012}}

@article{ReichJCP12,
	Author = {Reich, Daniel M. and Ndong, Mamadou and Koch, Christiane P.},
	Journal = jcp,
	Pages = {104103},
	Title = {Monotonically convergent optimization in quantum control using Krotov's method},
	Volume = {136},
	Year = {2012}}

@book{BreuerBook,
	Author = {Breuer, H.-P. and Petruccione, F.},
	Publisher = {Oxford University Press},
	Title = {The theory of open quantum systems},
	Year = {2007}}

@article{LorenzaPRL99,
	Author = {Viola, Lorenza and Knill, Emanuel and Lloyd, Seth},
	Journal = {Phys. Rev. Lett.},
	Pages = {2417},
	Title = {Dynamical Decoupling of Open Quantum Systems},
	Volume = {82},
	Year = {1999}}

@article{LidarPRL98,
	Author = {Lidar, D. A. and Chuang, I. L. and Whaley, K. B.},
	Journal = PRL,
	Pages = {2594},
	Title = {Decoherence-Free Subspaces for Quantum Computation},
	Volume = {81},
	Year = {1998}}

@article{ClausenPRL10,
	Author = {Clausen, Jens and Bensky, Guy and Kurizki, Gershon},
	Journal = PRL,
	Pages = {040401},
	Title = {Bath-Optimized Minimal-Energy Protection of Quantum Operations from Decoherence},
	Volume = {104},
	Year = {2010}}

@article{LorenzaSci01,
	Author = {Viola, Lorenza and Fortunato, Evan M. and Pravia, Marco A. and Knill, Emanuel and Laflamme, Raymond and Cory, David G.},
	Journal = {Science},
	Pages = {2059},
	Title = {Experimental Realization of Noiseless Subsystems for Quantum Information Processing},
	Volume = {293},
	Year = {2001}}

@book{RiceBook,
	Author = {Rice, S.~A. and Zhao, M.},
	Publisher = {John Wiley \& Sons},
	Title = {Optical control of molecular dynamics},
	Year = {2000}}

@article{BoissonneaultPRA12,
	Author = {Boissonneault, Maxime and Doherty, A. C. and Ong, F. R. and Bertet, P. and Vion, D. and Esteve, D. and Blais, A.},
	Journal = {Phys. Rev. A},
	Pages = {022305},
	Title = {Back-action of a driven nonlinear resonator on a superconducting qubit},
	Volume = {85},
	Year = {2012}}

@article{ReichKochPRA13,
	Author = {D. M. Reich and G. Gualdi and C. P. Koch},
	Journal = PRA,
	Pages = {042309},
	Title = {Minimum number of input states required for quantum gate characterization},
	Volume = {88},
	Year = {2013}}

@article{ReichKochNJP13,
	Author = {Daniel M. Reich and Christiane P. Koch},
	Journal = NJP,
	Title = {Cooling molecular vibrations with shaped laser pulses: Optimal control theory exploiting the timescale separation between coherent excitation and spontaneous emission},
	Year = {2013}}

@article{ReichKochPRL13,
	Author = {D. M. Reich and G. Gualdi and C. P. Koch},
	Journal = PRL,
	Pages = {200401},
	Title = {Optimal strategies for estimating the average fidelity of quantum gates},
	Volume = {111},
	Year = {2013}}

@article{OhtsukiNJP10,
	Author = {Yukiyoshi Ohtsuki},
	Journal = NJP,
	Pages = {045002},
	Title = {Simulating quantum search algorithm using vibronic states of I 2 manipulated by optimally designed gate pulses},
	Volume = {12},
	Year = {2010}}

@article{RebentrostPRL09,
	Author = {Rebentrost, P. and Serban, I. and Schulte-Herbr\"uggen, T. and Wilhelm, F. K.},
	Journal = {Phys. Rev. Lett.},
	Pages = {090401},
	Title = {Optimal Control of a Qubit Coupled to a Non-Markovian Environment},
	Volume = {102},
	Year = {2009}}

@article{SchmidtPRL11,
	Author = {Schmidt, R. and Negretti, A. and Ankerhold, J. and Calarco, T. and Stockburger, J. T.},
	Journal = PRL,
	Pages = {130404},
	Title = {Optimal Control of Open Quantum Systems: Cooperative Effects of Driving and Dissipation},
	Volume = {107},
	Year = {2011}}

@article{OhtsukiJCP99,
	Author = {Yukiyoshi Ohtsuki and Wusheng Zhu and Herschel Rabitz},
	Journal = JCP,
	Pages = {9825},
	Title = {Monotonically convergent algorithm for quantum optimal control with dissipation},
	Volume = {110},
	Year = {1999}}

@article{BartanaJCP97,
	Author = {Bartana, A. and Kosloff, R. and Tannor, D.~J.},
	Journal = JCP,
	Pages = {1435},
	Title = {Laser Cooling of Internal Degrees of Freedom. II.},
	Volume = {106},
	Year = {1997}}

@article{FloetherNJP12,
	Author = {Frederik F. Floether and Pierre de Fouquieres and Sophie G. Schirmer},
	Journal = NJP,
	Pages = {073023},
	Title = {Robust quantum gates for open systems via optimal control: Markovian versus non-Markovian dynamics},
	Volume = {14},
	Year = {2012}}

@article{ToSHJPB11,
	Author = {T. Schulte-Herbr\"uggen and A. Sp\"orl and N. Khaneja and S. J. Glaser},
	Journal = JPB,
	Pages = {154013},
	Title = {Optimal control for generating quantum gates in open dissipative systems},
	Volume = {44},
	Year = {2011}}

@article{ShuangJCP07,
	Author = {Feng Shuang and Alexander Pechen and Tak-San Ho and Herschel Rabitz},
	Journal = JCP,
	Pages = {134303},
	Title = {Observation-assisted optimal control of quantum dynamics},
	Volume = {126},
	Year = {2007}}

@article{KleinekathoeferEPJB10,
	Author = {Li, G.-Q. and Kleinekath\"ofer, U.},
	Journal = EPJB,
	Pages = {309},
	Title = {Optimal control of shot noise and Fano factor by external fields},
	Volume = {76},
	Year = {2010}}

@article{TremblayPRA08,
	Author = {Jean Christophe Tremblay and Peter Saalfrank},
	Journal = PRA,
	Pages = {063408},
	Title = {Guided locally optimal control of quantum dynamics in dissipative environments},
	Volume = {78},
	Year = {2008}}

@article{GormanPRA12,
	Author = {Gorman, Dylan J. and Young, Kevin C. and Whaley, K. Birgitta},
	Journal = PRA,
	Pages = {012317},
	Title = {Overcoming dephasing noise with robust optimal control},
	Volume = {86},
	Year = {2012}}

@article{AsplundPRL11,
	Author = {Asplund, Erik and Kl\"uner, Thorsten},
	Journal = {Phys. Rev. Lett.},
	Pages = {140404},
	Title = {Optimal Control of Open Quantum Systems Applied to the Photochemistry of Surfaces},
	Volume = {106},
	Year = {2011}}

@article{ReichKochJCP12,
	Author = {Reich, Daniel M. and Ndong, Mamadou and Koch, Christiane P.},
	Journal = JCP,
	Pages = {104103},
	Title = {Monotonically convergent optimization in quantum control using Krotov's method},
	Volume = {136},
	Year = {2012}}

@article{JakschPRL00,
	Author = {Jaksch, D. and Cirac, J. I. and Zoller, P. and Rolston, S. L. and C\^ot\'e, R. and Lukin, M. D.},
	Journal = {Phys. Rev. Lett.},
	Pages = {2208},
	Title = {Fast Quantum Gates for Neutral Atoms},
	Volume = {85},
	Year = {2000}}

@article{SaffmanRMP10,
	Author = {Saffman, M. and Walker, T. G. and M\o{}lmer, K.},
	Journal = {Rev. Mod. Phys.},
	Pages = {2313},
	Title = {Quantum information with Rydberg atoms},
	Volume = {82},
	Year = {2010}}

@article{MuellerKochPRA11,
	Author = {M\"uller, M. M. and Reich, D. M. and Murphy, M. and Yuan, H. and Vala, J. and Whaley, K. B. and Calarco, T. and Koch, C. P.},
	Journal = PRA,
	Pages = {042315},
	Title = {Optimizing entangling quantum gates for physical systems},
	Volume = {84},
	Year = {2011}}

@article{GoerzKochJPB11,
	Author = {Michael H. Goerz and Tommaso Calarco and Christiane P. Koch},
	Journal = JPB,
	Pages = {154011},
	Title = {The quantum speed limit of optimal controlled phasegates for trapped neutral atoms},
	Volume = {44},
	Year = {2011}}

@article{PolettoPRL12,
	Author = {Poletto, S. and Gambetta, Jay M. and Merkel, Seth T. and Smolin, John A. and Chow, Jerry M. and C\'orcoles, A. D. and Keefe, George A. and Rothwell, Mary B. and Rozen, J. R. and Abraham, D. W. and Rigetti, Chad and Steffen, M.},
	Journal = {Phys. Rev. Lett.},
	Pages = {240505},
	Title = {Entanglement of Two Superconducting Qubits in a Waveguide Cavity via Monochromatic Two-Photon Excitation},
	Volume = {109},
	Year = {2012}}

@article{ChowPRL11,
	Author = {Chow, Jerry M. and C\'orcoles, A. D. and Gambetta, Jay M. and Rigetti, Chad and Johnson, B. R. and Smolin, John A. and Rozen, J. R. and Keefe, George A. and Rothwell, Mary B. and Ketchen, Mark B. and Steffen, M.},
	Journal = {Phys. Rev. Lett.},
	Pages = {080502},
	Title = {Simple All-Microwave Entangling Gate for Fixed-Frequency Superconducting Qubits},
	Volume = {107},
	Year = {2011}}

@article{ReichKochJMO13,
	Author = {Daniel M. Reich and Jos\'{e} P. Palao and Christiane P. Koch},
	Journal = {J. Mod. Opt.},
	Title = {Optimal control under spectral constraints: Enforcing multi-photon absorption pathways},
	Year = {2013}}

@article{JosePRA13,
	Author = {Jos\'{e} P. Palao and Daniel M. Reich and Christiane P. Koch},
	Journal = PRA,
	Pages = {053409},
	Title = {Steering the optimization pathway in the control landscape using constraints},
	Volume = {88},
	Year = {2013}}

@article{SomloiCP93,
	Author = {Soml\'{o}i, J. and Kazakovski, V.~A. and Tannor, D.~J.},
	Journal = {Chem. Phys.},
	Pages = {85},
	Title = {{Controlled dissociation of I$_2$ via optical transitions between the X and B electronic states}},
	Volume = {172},
	Year = {1993}}

@article{ZhuJCP98,
	Author = {Zhu, W. and Botina, J. and Rabitz, H.},
	Journal = JCP,
	Pages = {1953},
	Title = {{Rapidly convergent iteration methods for quantum optimal control of population}},
	Volume = {108},
	Year = {1998}}

@article{JosePRL02,
	Author = {Palao, J.~P. and Kosloff, R.},
	Journal = PRL,
	Pages = {188301},
	Title = {{Quantum Computing by an Optimal Control Algorithm for Unitary Transformations}},
	Volume = {89},
	Year = {2002}}

@article{JosePRA03,
	Author = {Palao, J.~P. and Kosloff, R.},
	Journal = PRA,
	Pages = {062308},
	Title = {Optimal control theory for unitary transformations},
	Volume = {68},
	Year = {2003}}

@article{BenderskyPRL08,
	Author = {Bendersky, Ariel and Pastawski, Fernando and Paz, Juan Pablo},
	Journal = {Phys. Rev. Lett.},
	Pages = {190403},
	Title = {Selective and Efficient Estimation of Parameters for Quantum Process Tomography},
	Volume = {100},
	Year = {2008}}

@article{daSilvaPRL11,
	Author = {da Silva, Marcus P. and Landon-Cardinal, Olivier and Poulin, David},
	Journal = {Phys. Rev. Lett.},
	Pages = {210404},
	Title = {Practical Characterization of Quantum Devices without Tomography},
	Volume = {107},
	Year = {2011}}

@article{FlammiaPRL11,
	Author = {Flammia, Steven T. and Liu, Yi-Kai},
	Journal = {Phys. Rev. Lett.},
	Pages = {230501},
	Title = {Direct Fidelity Estimation from Few Pauli Measurements},
	Volume = {106},
	Year = {2011}}

@article{MagesanPRL11,
	Author = {Magesan, Easwar and Gambetta, J. M. and Emerson, Joseph},
	Journal = {Phys. Rev. Lett.},
	Pages = {180504},
	Title = {Scalable and Robust Randomized Benchmarking of Quantum Processes},
	Volume = {106},
	Year = {2011}}

@article{HofmannPRL05,
	Author = {Hofmann, Holger F.},
	Journal = {Phys. Rev. Lett.},
	Pages = {160504},
	Title = {Complementary Classical Fidelities as an Efficient Criterion for the Evaluation of Experimentally Realized Quantum Operations},
	Volume = {94},
	Year = {2005}}

@article{PedersenPLA07,
	Author = {Line Hjortsh{\o}j Pedersen and Niels Martin M{\o}ller and Klaus M{\o}lmer},
	Journal = {Phys. Lett. A},
	Pages = {47},
	Title = {Fidelity of quantum operations},
	Volume = {367},
	Year = {2007}}

@article{ColliniScience09,
    author = {Collini, Elisabetta and Scholes, Gregory D.}, 
    title = {Coherent Intrachain Energy Migration in a Conjugated Polymer at Room Temperature},
    volume = {323}, 
    pages = {369}, 
    year = {2009}, 
    journal = {Science}}


@article{SarovarNatPhys10,
    Author = {Sarovar, Mohan and Ishizaki, Akihito and Fleming, Graham R. and Whaley, K. Birgitta},
    Journal = {Nat Phys},
    Number = {6},
    Pages = {462},
    Title = {Quantum entanglement in photosynthetic light-harvesting complexes},
    Volume = {6},
    Year = {2010}}


@book{NielsenChuang,
    Author = {Nielsen, Michael and Chuang, Isaac L.},
    Publisher = {Cambridge University Press},
    Title = {Quantum Computation and Quantum Information},
    Year = {2000}}

